@article{bellomo2006,
  title={Monoliths of aligned silica-polypeptide hexagonal platelets},
  author={Bellomo, Enrico G and Deming, Timothy J},
  journal={Journal of the American Chemical Society},
  volume={128},
  number={7},
  pages={2276--2279},
  year={2006},
  publisher={ACS Publications}
}

@article{che2005,
  title={Synthesis mechanism of cationic surfactant templating mesoporous silica under an acidic synthesis process},
  author={Che, Shunai and Li, Huachun and Lim, Sunghyun and Sakamoto, Yasuhiro and Terasaki, Osamu and Tatsumi, Takashi},
  journal={Chemistry of materials},
  volume={17},
  number={16},
  pages={4103--4113},
  year={2005},
  publisher={ACS Publications}
}

@article{colfen2007,
  title={Mineralization in complex fluids},
  author={C{\"o}lfen, Helmut and Page, Miles G and Dubois, Monique and Zemb, Thomas},
  journal={Colloids and Surfaces A: Physicochemical and Engineering Aspects},
  volume={303},
  number={1},
  pages={46--54},
  year={2007},
  publisher={Elsevier}
}

@article{gryshchuk2016,
  title={Silica nanoparticles effects on blood coagulation proteins and platelets},
  author={Gryshchuk, Volodymyr and Galagan, Natalya},
  journal={Biochemistry research international},
  volume={2016},
  year={2016},
  publisher={Hindawi Publishing Corporation}
}

@article{israelachvili1976,
  title={Theory of self-assembly of hydrocarbon amphiphiles into micelles and bilayers},
  author={Israelachvili, Jacob N and Mitchell, D John and Ninham, Barry W},
  journal={Journal of the Chemical Society, Faraday Transactions 2: Molecular and Chemical Physics},
  volume={72},
  pages={1525--1568},
  year={1976},
  publisher={Royal Society of Chemistry}
}

@article{kang1993,
  title={Self-assembly in systems of didodecyldimethylammonium surfactants: Binary and ternary phase equilibria and phase structures with sulphate, hydroxide, acetate, and chloride counterions},
  author={Kang, Changjiang and Khan, Ali},
  journal={Journal of colloid and interface science},
  volume={156},
  number={1},
  pages={218--228},
  year={1993},
  publisher={Elsevier}
}

@article{kita2011,
  title={Microenvironmental geometry guides platelet adhesion and spreading: a quantitative analysis at the single cell level},
  author={Kita, Ashley and Sakurai, Yumiko and Myers, David R and Rounsevell, Ross and Huang, James N and Seok, Tae Joon and Yu, Kyoungsik and Wu, Ming C and Fletcher, Daniel A and Lam, Wilbur A},
  journal={PloS one},
  volume={6},
  number={10},
  pages={e26437},
  year={2011},
  publisher={Public Library of Science}
}

@article{kresge1992,
  title={Ordered mesoporous molecular sieves synthesized by a liquid-crystal template mechanism},
  author={Kresge, CT and Leonowicz, ME and Roth, W Jelal and Vartuli, JC and Beck, JS},
  journal={nature},
  volume={359},
  number={6397},
  pages={710},
  year={1992},
  publisher={Nature Publishing Group}
}

@article{liberman2014,
  title={Synthesis and surface functionalization of silica nanoparticles for nanomedicine},
  author={Liberman, Alexander and Mendez, Natalie and Trogler, William C and Kummel, Andrew C},
  journal={Surface science reports},
  volume={69},
  number={2},
  pages={132--158},
  year={2014},
  publisher={Elsevier}
}

@article{liu2014,
  title={Self-Assembly of Didodecyldimethylammonium Surfactants Modulated by Multivalent, Hydrolyzable Counterions},
  author={Liu, Connie K and Warr, Gregory G},
  journal={Langmuir},
  volume={31},
  number={10},
  pages={2936--2945},
  year={2014},
  publisher={ACS Publications}
}

@article{liu2013,
  title={Templated synthesis of nanostructured materials},
  author={Liu, Yiding and Goebl, James and Yin, Yadong},
  journal={Chemical Society Reviews},
  volume={42},
  number={7},
  pages={2610--2653},
  year={2013},
  publisher={Royal Society of Chemistry}
}

@article{monnier1993,
  title={Cooperative Formation of Inorganic Interfaces in the Synthesis of Silicate Mesostructures},
  author={Monnier, A and Schuth, F and Huo, Q and Kumar, D and Margolese, D and Maxwell, RS and Stucky, GD and Krishnamurty, M and Petroff, P},
  journal={Science},
  volume={261},
  pages={1299},
  year={1993},
  publisher={JSTOR}
}

@article{ortac2014,
  title={Dual-porosity hollow nanoparticles for the immunoprotection and delivery of nonhuman enzymes},
  author={Ortac, Inanc and Simberg, Dmitri and Yeh, Ya-san and Yang, Jian and Messmer, Bradley and Trogler, William C and Tsien, Roger Y and Esener, Sadik},
  journal={Nano letters},
  volume={14},
  number={6},
  pages={3023--3032},
  year={2014},
  publisher={ACS Publications}
}

@article{ow2005,
  title={Bright and stable core- shell fluorescent silica nanoparticles},
  author={Ow, Hooisweng and Larson, Daniel R and Srivastava, Mamta and Baird, Barbara A and Webb, Watt W and Wiesner, Ulrich},
  journal={Nano letters},
  volume={5},
  number={1},
  pages={113--117},
  year={2005},
  publisher={ACS Publications}
}

@article{pohaku2012,
  title={Iron (III)-doped, silica nanoshells: a biodegradable form of silica},
  author={Pohaku Mitchell, Kristina K and Liberman, Alexander and Kummel, Andrew C and Trogler, William C},
  journal={Journal of the American Chemical Society},
  volume={134},
  number={34},
  pages={13997--14003},
  year={2012},
  publisher={ACS Publications}
}

@article{popplewell1998,
  title={Kinetics of uptake and elimination of silicic acid by a human subject: A novel application of 32 Si and accelerator mass spectrometry},
  author={Popplewell, JF and King, SJ and Day, JP and Ackrill, P and Fifield, LK and Cresswell, RG and Di Tada, ML and Liu, Kexin},
  journal={Journal of Inorganic Biochemistry},
  volume={69},
  number={3},
  pages={177--180},
  year={1998},
  publisher={Elsevier}
}

@article{sakurai2015,
  title={Platelet geometry sensing spatially regulates $\alpha$-granule secretion to enable matrix self-deposition},
  author={Sakurai, Yumiko and Fitch-Tewfik, Jennifer L and Qiu, Yongzhi and Ahn, Byungwook and Myers, David R and Tran, Reginald and Fay, Meredith E and Ding, Lingmei and Spearman, Paul W and Michelson, Alan D and others},
  journal={Blood},
  volume={126},
  number={4},
  pages={531--538},
  year={2015},
  publisher={Am Soc Hematology}
}

@article{slowing2008,
  title={Mesoporous silica nanoparticles as controlled release drug delivery and gene transfection carriers},
  author={Slowing, Igor I and Vivero-Escoto, Juan L and Wu, Chia-Wen and Lin, Victor S-Y},
  journal={Advanced drug delivery reviews},
  volume={60},
  number={11},
  pages={1278--1288},
  year={2008},
  publisher={Elsevier}
}

@article{stober1968,
  title={Controlled growth of monodisperse silica spheres in the micron size range},
  author={St{\"o}ber, Werner and Fink, Arthur and Bohn, Ernst},
  journal={Journal of colloid and interface science},
  volume={26},
  number={1},
  pages={62--69},
  year={1968},
  publisher={Elsevier}
}

@article{thalberg1991,
  title={Phase behavior of a system of cationic surfactant and anionic polyelectrolyte: the effect of salt},
  author={Thalberg, Kyrre and Lindman, Bjoern and Karlstroem, Gunnar},
  journal={The Journal of Physical Chemistry},
  volume={95},
  number={15},
  pages={6004--6011},
  year={1991},
  publisher={ACS Publications}
}

@article{tomczak2005,
  title={Polypeptide-templated synthesis of hexagonal silica platelets},
  author={Tomczak, Melanie M and Glawe, Diana D and Drummy, Lawrence F and Lawrence, Charles G and Stone, Morley O and Perry, Carole C and Pochan, Darrin J and Deming, Timothy J and Naik, Rajesh R},
  journal={Journal of the American Chemical Society},
  volume={127},
  number={36},
  pages={12577--12582},
  year={2005},
  publisher={ACS Publications}
}

@misc{trogler2013,
  title={Hollow silica nanospheres and methods of making same},
  author={Trogler, William C and Esener, Sadik C and Messmer, Davorka and Lind, Johan Ulrik and Mitchell, Kristina KP and Yang, Jian},
  year={2013},
  month=apr # "~19",
  publisher={Google Patents},
  note={US Patent 20130230570A1}
}

@article{wan2007,
  title={On the controllable soft-templating approach to mesoporous silicates},
  author={Wan, Ying and Zhao, Dongyuan},
  journal={Chemical reviews},
  volume={107},
  number={7},
  pages={2821--2860},
  year={2007},
  publisher={ACS Publications}
}

@article{warr1988,
  title={Microemulsion formation and phase behavior of dialkydimethylammonium bromide surfactants},
  author={Warr, Gregory G and Sen, Radha and Evans, D Fennell and Trend, John E},
  journal={The Journal of Physical Chemistry},
  volume={92},
  number={3},
  pages={774--783},
  year={1988},
  publisher={ACS Publications}
}

@article{xu2006,
  title={Inorganic nanoparticles as carriers for efficient cellular delivery},
  author={Xu, Zhi Ping and Zeng, Qing Hua and Lu, Gao Qing and Yu, Ai Bing},
  journal={Chemical Engineering Science},
  volume={61},
  number={3},
  pages={1027--1040},
  year={2006},
  publisher={Elsevier}
}

@article{yang2008,
  title={Synthesis of hollow silica and titania nanospheres},
  author={Yang, Jian and Lind, Johan U and Trogler, William C},
  journal={Chemistry of Materials},
  volume={20},
  number={9},
  pages={2875--2877},
  year={2008},
  publisher={ACS Publications}
}

@misc{yong2017,
  title={Hexagonal silica platelets and methods of synthesis thereof},
  author={Yong, G. and XU, W. and LIU, C.K.M.},
  url={https://www.google.com.sg/patents/WO2017127021A1?cl=en},
  year={2017},
  month=jul # "~27",
  publisher={Google Patents},
  note={WO Patent App. PCT/SG2017/050,025}
}
